
@article{maykrantz2021,
	title = {How {Trust} in {Information} {Sources} {Influences} {Preventative} {Measures} {Compliance} during the {COVID}-19 {Pandemic}},
	volume = {18},
	url = {https://doi.org/10.3390/ijerph18115867},
	doi = {10.3390/ijerph18115867},
	number = {11},
	journal = {International Journal of Environmental Research and Public Health},
	author = {Maykrantz, Sherry A. and Gong, Tao and Petrolino, Ashley V. and Nobiling, Brandye D. and Houghton, Jeffery D.},
	month = may,
	year = {2021},
	note = {Publisher: MDPI AG},
	pages = {5867},
}

@article{siebenhaar2020,
	title = {Dealing {With} the {COVID}-19 {Infodemic}: {Distress} by {Information}, {Information} {Avoidance}, and {Compliance} {With} {Preventive} {Measures}},
	volume = {11},
	url = {https://doi.org/10.3389/fpsyg.2020.567905},
	doi = {10.3389/fpsyg.2020.567905},
	journal = {Frontiers in Psychology},
	author = {Siebenhaar, Katharina U. and KÃ¶ther, Anja K. and Alpers, Georg W.},
	month = nov,
	year = {2020},
	note = {Publisher: Frontiers Media SA},
}

@article{hermans2021,
	title = {Mental health, compliance with measures and health prospects during the {COVID}-19 epidemic: the role of health literacy},
	volume = {21},
	url = {https://doi.org/10.1186/s12889-021-11437-w},
	doi = {10.1186/s12889-021-11437-w},
	number = {1},
	journal = {BMC Public Health},
	author = {Hermans, Lize and Broucke, Stephan Van den and Gisle, Lydia and Demarest, Stefaan and Charafeddine, Rana},
	month = jul,
	year = {2021},
	note = {Publisher: Springer Science and Business Media LLC},
}

@article{bavel2020,
	title = {Using social and behavioural science to support {COVID}-19 pandemic response},
	volume = {4},
	url = {https://doi.org/10.1038/s41562-020-0884-z},
	doi = {10.1038/s41562-020-0884-z},
	number = {5},
	journal = {Nature Human Behaviour},
	author = {Bavel, Jay J. Van and Baicker, Katherine and Boggio, Paulo S. and Capraro, Valerio and Cichocka, Aleksandra and Cikara, Mina and Crockett, Molly J. and Crum, Alia J. and Douglas, Karen M. and Druckman, James N. and Drury, John and Dube, Oeindrila and Ellemers, Naomi and Finkel, Eli J. and Fowler, James H. and Gelfand, Michele and Han, Shihui and Haslam, S. Alexander and Jetten, Jolanda and Kitayama, Shinobu and Mobbs, Dean and Napper, Lucy E. and Packer, Dominic J. and Pennycook, Gordon and Peters, Ellen and Petty, Richard E. and Rand, David G. and Reicher, Stephen D. and Schnall, Simone and Shariff, Azim and Skitka, Linda J. and Smith, Sandra Susan and Sunstein, Cass R. and Tabri, Nassim and Tucker, Joshua A. and Linden, Sander van der and Lange, Paul van and Weeden, Kim A. and Wohl, Michael J. A. and Zaki, Jamil and Zion, Sean R. and Willer, Robb},
	month = apr,
	year = {2020},
	note = {Publisher: Springer Science and Business Media LLC},
	pages = {460--471},
}

@article{buonomo2020,
	title = {Effects of information-induced behavioural changes during the {COVID}-19 lockdowns: the case of {Italy}},
	volume = {7},
	url = {https://doi.org/10.1098/rsos.201635},
	doi = {10.1098/rsos.201635},
	number = {10},
	journal = {Royal Society Open Science},
	author = {Buonomo, Bruno and Marca, Rossella Della},
	month = oct,
	year = {2020},
	note = {Publisher: The Royal Society},
	pages = {201635},
}

@article{latkin2020,
	title = {An {Assessment} of the {Rapid} {Decline} of {Trust} in {US} {Sources} of {Public} {Information} about {COVID}-19},
	volume = {25},
	url = {https://doi.org/10.1080/10810730.2020.1865487},
	doi = {10.1080/10810730.2020.1865487},
	number = {10},
	journal = {Journal of Health Communication},
	author = {Latkin, Carl A. and Dayton, Lauren and Strickland, Justin C. and Colon, Brian and Rimal, Rajiv and Boodram, Basmattee},
	month = oct,
	year = {2020},
	note = {Publisher: Informa UK Limited},
	pages = {764--773},
}

@article{ali2020,
	title = {Trends and {Predictors} of {COVID}-19 {Information} {Sources} and {Their} {Relationship} {With} {Knowledge} and {Beliefs} {Related} to the {Pandemic}: {Nationwide} {Cross}-{Sectional} {Study}},
	volume = {6},
	url = {https://doi.org/10.2196/21071},
	doi = {10.2196/21071},
	number = {4},
	journal = {JMIR Public Health and Surveillance},
	author = {Ali, Shahmir H. and Foreman, Joshua and Tozan, Yesim and Capasso, Ariadna and Jones, Abbey M. and DiClemente, Ralph J.},
	month = oct,
	year = {2020},
	note = {Publisher: JMIR Publications Inc.},
	pages = {e21071},
}

@article{zhao2020,
	title = {Media trust and infection mitigating behaviours during the {COVID}-19 pandemic in the {USA}},
	volume = {5},
	url = {https://doi.org/10.1136/bmjgh-2020-003323},
	doi = {10.1136/bmjgh-2020-003323},
	number = {10},
	journal = {BMJ Global Health},
	author = {Zhao, Erfei and Wu, Qiao and Crimmins, Eileen M. and Ailshire, Jennifer A.},
	month = oct,
	year = {2020},
	note = {Publisher: BMJ},
	pages = {e003323},
}

@article{siegrist2014,
	title = {The {Role} of {Public} {Trust} {During} {Pandemics}},
	volume = {19},
	url = {https://doi.org/10.1027/1016-9040/a000169},
	doi = {10.1027/1016-9040/a000169},
	number = {1},
	journal = {European Psychologist},
	author = {Siegrist, Michael and Zingg, Alexandra},
	month = jan,
	year = {2014},
	note = {Publisher: Hogrefe Publishing Group},
	pages = {23--32},
}

@article{rahmandad2021,
	title = {Behavioral dynamics of {COVID}-19: estimating underreporting, multiple waves, and adherence fatigue across 92 nations},
	volume = {37},
	url = {https://doi.org/10.1002/sdr.1673},
	doi = {10.1002/sdr.1673},
	number = {1},
	journal = {System Dynamics Review},
	author = {Rahmandad, Hazhir and Lim, Tse Yang and Sterman, John},
	month = jan,
	year = {2021},
	note = {Publisher: Wiley},
	pages = {5--31},
}

@article{wright2022,
	title = {Trajectories of {Compliance} {With} {COVID}-19 {Related} {Guidelines}: {Longitudinal} {Analyses} of 50, 000 {UK} {Adults}},
	volume = {56},
	url = {https://doi.org/10.1093/abm/kaac023},
	doi = {10.1093/abm/kaac023},
	number = {8},
	journal = {Annals of Behavioral Medicine},
	author = {Wright, Liam and Steptoe, Andrew and Fancourt, Daisy},
	month = jun,
	year = {2022},
	note = {Publisher: Oxford University Press (OUP)},
	pages = {781--790},
}

@article{petherick2021,
	title = {A worldwide assessment of changes in adherence to {COVID}-19 protective behaviours and hypothesized pandemic fatigue},
	volume = {5},
	url = {https://doi.org/10.1038/s41562-021-01181-x},
	doi = {10.1038/s41562-021-01181-x},
	number = {9},
	journal = {Nature Human Behaviour},
	author = {Petherick, Anna and Goldszmidt, Rafael and Andrade, Eduardo B. and Furst, Rodrigo and Hale, Thomas and Pott, Annalena and Wood, Andrew},
	month = aug,
	year = {2021},
	note = {Publisher: Springer Science and Business Media LLC},
	pages = {1145--1160},
}

@article{xiang2021,
	title = {{COVID}-19 epidemic prediction and the impact of public health interventions: {A} review of {COVID}-19 epidemic models},
	volume = {6},
	url = {https://doi.org/10.1016/j.idm.2021.01.001},
	doi = {10.1016/j.idm.2021.01.001},
	journal = {Infectious Disease Modelling},
	author = {Xiang, Yue and Jia, Yonghong and Chen, Linlin and Guo, Lei and Shu, Bizhen and Long, Enshen},
	year = {2021},
	note = {Publisher: Elsevier BV},
	pages = {324--342},
}

@article{ngonghala2020,
	title = {Mathematical assessment of the impact of non-pharmaceutical interventions on curtailing the 2019 novel {Coronavirus}},
	volume = {325},
	url = {https://doi.org/10.1016/j.mbs.2020.108364},
	doi = {10.1016/j.mbs.2020.108364},
	journal = {Mathematical Biosciences},
	author = {Ngonghala, Calistus N. and Iboi, Enahoro and Eikenberry, Steffen and Scotch, Matthew and MacIntyre, Chandini Raina and Bonds, Matthew H. and Gumel, Abba B.},
	month = jul,
	year = {2020},
	note = {Publisher: Elsevier BV},
	pages = {108364},
}

@article{liu2020,
	title = {Understanding {Unreported} {Cases} in the {COVID}-19 {Epidemic} {Outbreak} in {Wuhan}, {China}, and the {Importance} of {Major} {Public} {Health} {Interventions}},
	volume = {9},
	url = {https://doi.org/10.3390/biology9030050},
	doi = {10.3390/biology9030050},
	number = {3},
	journal = {Biology},
	author = {Liu, Zhihua and Magal, Pierre and Seydi, Ousmane and Webb, Glenn},
	month = mar,
	year = {2020},
	note = {Publisher: MDPI AG},
	pages = {50},
}

@article{swire-thompson2020,
	title = {Public {Health} and {Online} {Misinformation}: {Challenges} and {Recommendations}},
	volume = {41},
	url = {https://doi.org/10.1146/annurev-publhealth-040119-094127},
	doi = {10.1146/annurev-publhealth-040119-094127},
	number = {1},
	journal = {Annual Review of Public Health},
	author = {Swire-Thompson, Briony and Lazer, David},
	month = apr,
	year = {2020},
	note = {Publisher: Annual Reviews},
	pages = {433--451},
}

@article{ayouni2021,
	title = {Effective public health measures to mitigate the spread of {COVID}-19: a systematic review},
	volume = {21},
	url = {https://doi.org/10.1186/s12889-021-11111-1},
	doi = {10.1186/s12889-021-11111-1},
	number = {1},
	journal = {BMC Public Health},
	author = {Ayouni, Imen and Maatoug, Jihen and Dhouib, Wafa and Zammit, Nawel and Fredj, Sihem Ben and Ghammam, Rim and Ghannem, Hassen},
	month = may,
	year = {2021},
	note = {Publisher: Springer Science and Business Media LLC},
}

@article{cowling2020,
	title = {Public {Health} {Measures} to {Slow} {Community} {Spread} of {Coronavirus} {Disease} 2019},
	volume = {221},
	url = {https://doi.org/10.1093/infdis/jiaa123},
	doi = {10.1093/infdis/jiaa123},
	number = {11},
	journal = {The Journal of Infectious Diseases},
	author = {Cowling, Benjamin J. and Aiello, Allison E.},
	month = mar,
	year = {2020},
	note = {Publisher: Oxford University Press (OUP)},
	pages = {1749--1751},
}

@article{mohammadi2022,
	title = {Human behaviour, {NPI} and mobility reduction effects on {COVID}-19 transmission in different countries of the world},
	volume = {22},
	url = {https://doi.org/10.1186/s12889-022-13921-3},
	doi = {10.1186/s12889-022-13921-3},
	number = {1},
	journal = {BMC Public Health},
	author = {Mohammadi, Zahra and Cojocaru, Monica Gabriela and Thommes, Edward Wolfgang},
	month = aug,
	year = {2022},
	note = {Publisher: Springer Science and Business Media LLC},
}

@article{moore2021,
	title = {Vaccination and non-pharmaceutical interventions for {COVID}-19: a mathematical modelling study},
	volume = {21},
	url = {https://doi.org/10.1016/s1473-3099(21)00143-2},
	doi = {10.1016/s1473-3099(21)00143-2},
	number = {6},
	journal = {The Lancet Infectious Diseases},
	author = {Moore, Sam and Hill, Edward M. and Tildesley, Michael J. and Dyson, Louise and Keeling, Matt J.},
	month = jun,
	year = {2021},
	note = {Publisher: Elsevier BV},
	pages = {793--802},
}

@article{smith2020,
	title = {Factors associated with adherence to self-isolation and lockdown measures in the {UK}: a cross-sectional survey},
	volume = {187},
	url = {https://doi.org/10.1016/j.puhe.2020.07.024},
	doi = {10.1016/j.puhe.2020.07.024},
	journal = {Public Health},
	author = {Smith, L. E. and AmlÈt, R. and Lambert, H. and Oliver, I. and Robin, C. and Yardley, L. and Rubin, G. J.},
	month = oct,
	year = {2020},
	note = {Publisher: Elsevier BV},
	pages = {41--52},
}

@article{santos2022,
	title = {Factors associated with non-pharmaceutical interventions compliance during {COVID}-19 pandemic: a {Portuguese} cross-sectional survey},
	volume = {45},
	url = {https://doi.org/10.1093/pubmed/fdac001},
	doi = {10.1093/pubmed/fdac001},
	number = {1},
	journal = {Journal of Public Health},
	author = {Santos, JoÃ£o Vasco and Costa, Joana Gomes da and Costa, Eduardo and Almeida, Sara and Cima, Joana and Pita-Barros, Pedro},
	month = feb,
	year = {2022},
	note = {Publisher: Oxford University Press (OUP)},
	pages = {47--56},
}

@article{lin2021,
	title = {A multi-national test on self-reported compliance with {COVID}-19 public health measures: {The} role of individual age and gender demographics and countries' developmental status},
	volume = {286},
	url = {https://doi.org/10.1016/j.socscimed.2021.114335},
	doi = {10.1016/j.socscimed.2021.114335},
	journal = {Social Science Medicine},
	author = {Lin, Tian and Harris, Elizabeth A. and Heemskerk, Amber and Bavel, Jay J. Van and Ebner, Natalie C.},
	month = oct,
	year = {2021},
	note = {Publisher: Elsevier BV},
	pages = {114335},
}

@article{freeman2020,
	title = {{COVID}-19 vaccine hesitancy in the {UK}: the {Oxford} coronavirus explanations, attitudes, and narratives survey ({Oceans}) {II}},
	volume = {52},
	url = {https://doi.org/10.1017/s0033291720005188},
	doi = {10.1017/s0033291720005188},
	number = {14},
	journal = {Psychological Medicine},
	author = {Freeman, Daniel and Loe, Bao S. and Chadwick, Andrew and Vaccari, Cristian and Waite, Felicity and Rosebrock, Laina and Jenner, Lucy and Petit, Ariane and Lewandowsky, Stephan and Vanderslott, Samantha and Innocenti, Stefania and Larkin, Michael and Giubilini, Alberto and Yu, Ly-Mee and McShane, Helen and Pollard, Andrew J. and Lambe, SinÃ©ad},
	month = dec,
	year = {2020},
	note = {Publisher: Cambridge University Press (CUP)},
	pages = {3127--3141},
}

@article{savoia2021,
	title = {Predictors of {COVID}-19 {Vaccine} {Hesitancy}: {Socio}-{Demographics}, {Co}-{Morbidity}, and {Past} {Experience} of {Racial} {Discrimination}},
	volume = {9},
	url = {https://doi.org/10.3390/vaccines9070767},
	doi = {10.3390/vaccines9070767},
	number = {7},
	journal = {Vaccines},
	author = {Savoia, Elena and Piltch-Loeb, Rachael and Goldberg, Beth and Miller-Idriss, Cynthia and Hughes, Brian and Montrond, Alberto and Kayyem, Juliette and Testa, Marcia A.},
	month = jul,
	year = {2021},
	note = {Publisher: MDPI AG},
	pages = {767},
}

@article{ren2018,
	title = {The demographics of vaccine hesitancy in {Shanghai}, {China}},
	volume = {13},
	url = {https://doi.org/10.1371/journal.pone.0209117},
	doi = {10.1371/journal.pone.0209117},
	number = {12},
	journal = {PLOS ONE},
	author = {Ren, Jia and Wagner, Abram L. and Zheng, Anna and Sun, Xiaodong and Boulton, Matthew L. and Huang, Zhuoying and Zikmund-Fisher, Brian J.},
	editor = {Angelillo, Italo Francesco},
	month = dec,
	year = {2018},
	note = {Publisher: Public Library of Science (PLoS)},
	pages = {e0209117},
}

@article{pollak2021,
	title = {Background and concurrent factors predicting non-adherence to public health preventive measures during the chronic phase of the {COVID}-19 pandemic},
	volume = {44},
	url = {https://doi.org/10.1093/pubmed/fdab214},
	doi = {10.1093/pubmed/fdab214},
	number = {1},
	journal = {Journal of Public Health},
	author = {Pollak, Yehuda and Shoham, Rachel and Dayan, Haym and Gabrieli-Seri, Ortal and Berger, Itai},
	month = jun,
	year = {2021},
	note = {Publisher: Oxford University Press (OUP)},
	pages = {e117--e125},
}

@article{zaki2022,
	title = {In trust we trust: {The} impact of trust in government on excess mortality during the {COVID}-19 pandemic},
	volume = {37},
	url = {https://doi.org/10.1177/09520767211058003},
	doi = {10.1177/09520767211058003},
	number = {2},
	journal = {Public Policy and Administration},
	author = {Zaki, Bishoy Louis and Nicoli, Francesco and Wayenberg, Ellen and Verschuere, Bram},
	month = jan,
	year = {2022},
	note = {Publisher: SAGE Publications},
	pages = {226--252},
}

@article{schumpe2022,
	title = {Predictors of adherence to public health behaviors for fighting {COVID}-19 derived from longitudinal data},
	volume = {12},
	url = {https://doi.org/10.1038/s41598-021-04703-9},
	doi = {10.1038/s41598-021-04703-9},
	number = {1},
	journal = {Scientific Reports},
	author = {Schumpe, Birga M. and Lissa, Caspar J. Van and BÃ©langer, Jocelyn J. and Ruggeri, Kai and Mierau, Jochen and Nisa, Claudia F. and Molinario, Erica and Gelfand, Michele J. and Stroebe, Wolfgang and Agostini, Maximilian and GÃ¼tzkow, Ben and Jeronimus, Bertus F. and Kreienkamp, Jannis and Kutlaca, Maja and Lemay, Edward P. and Reitsema, Anne Margit and vanDellen, Michelle R. and Abakoumkin, Georgios and Khaiyom, Jamilah Hanum Abdul and Ahmedi, Vjollca and Akkas, Handan and Almenara, Carlos A. and Atta, Mohsin and Bagci, Sabahat Cigdem and Basel, Sima and Kida, Edona Berisha and Bernardo, Allan B. I. and Buttrick, Nicholas R. and Chobthamkit, Phatthanakit and Choi, Hoon-Seok and Cristea, Mioara and Csaba, Sara and DamnjanoviÄ, Kaja and Danyliuk, Ivan and Dash, Arobindu and Santo, Daniela Di and Douglas, Karen M. and Enea, Violeta and Faller, Daiane and Fitzsimons, Gavan J. and Gheorghiu, Alexandra and GÃ³mez, Ãngel and Hamaidia, Ali and Han, Qing and Helmy, Mai and Hudiyana, Joevarian and Jiang, Ding-Yu and JovanoviÄ, Veljko and Kamenov, Zeljka and Kende, Anna and Keng, Shian-Ling and Kieu, Tra Thi Thanh and Koc, Yasin and Kovyazina, Kamila and Kozytska, Inna and Krause, Joshua and Kruglanski, Arie W. and Kurapov, Anton and Lantos, NÃ³ra Anna and Lesmana, Cokorda Bagus J. and Louis, Winnifred R. and Lueders, Adrian and Malik, Najma Iqbal and Martinez, Anton P. and McCabe, Kira O. and MehuliÄ, Jasmina and Milla, Mirra Noor and Mohammed, Idris and Moyano, Manuel and Muhammad, Hayat and Mula, Silvana and Muluk, Hamdi and Myroniuk, Solomiia and Najafi, Reza and NyÃºl, BoglÃ¡rka and O'Keefe, Paul A. and Osuna, Jose Javier Olivas and Osin, Evgeny N. and Park, Joonha and Pica, Gennaro and Pierro, Antonio and Rees, Jonas H. and Resta, Elena and Rullo, Marika and Ryan, Michelle K. and Samekin, Adil and Santtila, Pekka and Sasin, Edyta and Selim, Heyla A. and Stanton, Michael Vicente and Sultana, Samiah and Sutton, Robbie M. and Tseliou, Eleftheria and Utsugi, Akira and Breen, Jolien A. van and Veen, Kees Van and VÃ¡zquez, Alexandra and Wollast, Robin and Yeung, Victoria Wai-Lan and Zand, Somayeh and Å½eÅ¾elj, Iris Lav and Zheng, Bang and Zick, Andreas and ZÃºÃ±iga, Claudia and Leander, N. Pontus},
	month = mar,
	year = {2022},
	note = {Publisher: Springer Science and Business Media LLC},
}

@article{bearth2021,
	title = {Reactions of older {Swiss} adults to the {COVID}-19 pandemic: {A} longitudinal survey on the acceptance of and adherence to public health measures},
	volume = {280},
	url = {https://doi.org/10.1016/j.socscimed.2021.114039},
	doi = {10.1016/j.socscimed.2021.114039},
	journal = {Social Science Medicine},
	author = {Bearth, Angela and Luchsinger, Larissa and Siegrist, Michael},
	month = jul,
	year = {2021},
	note = {Publisher: Elsevier BV},
	pages = {114039},
}

@article{silesh2021,
	title = {Compliance with {COVID}-19 {Preventive} {Measures} and {Associated} {Factors} {Among} {Women} {Attending} {Antenatal} {Care} at {Public} {Health} {Facilities} of {Debre} {Berhan} {Town}, {Ethiopia}},
	volume = {Volume 14},
	url = {https://doi.org/10.2147/rmhp.s330932},
	doi = {10.2147/rmhp.s330932},
	journal = {Risk Management and Healthcare Policy},
	author = {Silesh, Mulualem and Demisse, Tesfanesh Lemma and Taye, Birhan Tsegaw and Desta, Kelem and Kitaw, Tebabere Moltot and Mekuria, Abinet Dagnaw and Tafesse, Tiwabwork Tekalign and Fenta, Belete},
	month = nov,
	year = {2021},
	note = {Publisher: Informa UK Limited},
	pages = {4561--4569},
}

@article{nivette2021,
	title = {Non-compliance with {COVID}-19-related public health measures among young adults in {Switzerland}: {Insights} from a longitudinal cohort study},
	volume = {268},
	url = {https://doi.org/10.1016/j.socscimed.2020.113370},
	doi = {10.1016/j.socscimed.2020.113370},
	journal = {Social Science Medicine},
	author = {Nivette, Amy and Ribeaud, Denis and Murray, Aja and Steinhoff, Annekatrin and Bechtiger, Laura and Hepp, Urs and Shanahan, Lilly and Eisner, Manuel},
	month = jan,
	year = {2021},
	note = {Publisher: Elsevier BV},
	pages = {113370},
}

@article{pak2021,
	title = {Does {High} {Public} {Trust} {Amplify} {Compliance} with {Stringent} {COVID}-19 {Government} {Health} {Guidelines}? {A} {Multi}-country {Analysis} {Using} {Data} from 102, 627 {Individuals}},
	volume = {Volume 14},
	url = {https://doi.org/10.2147/rmhp.s278774},
	doi = {10.2147/rmhp.s278774},
	journal = {Risk Management and Healthcare Policy},
	author = {Pak, Anton and McBryde, Emma and Adegboye, Oyelola A.},
	month = jan,
	year = {2021},
	note = {Publisher: Informa UK Limited},
	pages = {293--302},
}

@article{shanka2022,
	title = {When and {How} {Trust} in {Government} {Leads} to {Compliance} with {COVID}-19 {Precautionary} {Measures}},
	volume = {139},
	url = {https://doi.org/10.1016/j.jbusres.2021.10.036},
	doi = {10.1016/j.jbusres.2021.10.036},
	journal = {Journal of Business Research},
	author = {Shanka, Mesay Sata and Menebo, Mesay Moges},
	month = feb,
	year = {2022},
	note = {Publisher: Elsevier BV},
	pages = {1275--1283},
}

@article{bargain2020,
	title = {Trust and compliance to public health policies in times of {COVID}-19},
	volume = {192},
	url = {https://doi.org/10.1016/j.jpubeco.2020.104316},
	doi = {10.1016/j.jpubeco.2020.104316},
	journal = {Journal of Public Economics},
	author = {Bargain, Olivier and Aminjonov, Ulugbek},
	month = dec,
	year = {2020},
	note = {Publisher: Elsevier BV},
	pages = {104316},
}

@article{brouard2020,
	title = {Sociodemographic and {Psychological} {Correlates} of {Compliance} with the {COVID}-19 {Public} {Health} {Measures} in {France}},
	volume = {53},
	url = {https://doi.org/10.1017/s0008423920000335},
	doi = {10.1017/s0008423920000335},
	number = {2},
	journal = {Canadian Journal of Political Science},
	author = {Brouard, Sylvain and Vasilopoulos, Pavlos and Becher, Michael},
	month = apr,
	year = {2020},
	note = {Publisher: Cambridge University Press (CUP)},
	pages = {253--258},
}

@article{clark2020,
	title = {Predictors of {COVID}-19 voluntary compliance behaviors: {An} international investigation},
	volume = {2},
	url = {https://doi.org/10.1016/j.glt.2020.06.003},
	doi = {10.1016/j.glt.2020.06.003},
	journal = {Global Transitions},
	author = {Clark, Cory and Davila, AndrÃ©s and Regis, Maxime and Kraus, Sascha},
	year = {2020},
	note = {Publisher: Elsevier BV},
	pages = {76--82},
}

@article{blair2017,
	title = {Public health and public trust: {Survey} evidence from the {Ebola} {Virus} {Disease} epidemic in {Liberia}},
	volume = {172},
	url = {https://doi.org/10.1016/j.socscimed.2016.11.016},
	doi = {10.1016/j.socscimed.2016.11.016},
	journal = {Social Science Medicine},
	author = {Blair, Robert A. and Morse, Benjamin S. and Tsai, Lily L.},
	month = jan,
	year = {2017},
	note = {Publisher: Elsevier BV},
	pages = {89--97},
}

@article{wright2021,
	title = {Predictors of self-reported adherence to {COVID}-19 guidelines. {A} longitudinal observational study of 51, 600 {UK} adults},
	volume = {4},
	url = {https://doi.org/10.1016/j.lanepe.2021.100061},
	doi = {10.1016/j.lanepe.2021.100061},
	journal = {The Lancet Regional Health - Europe},
	author = {Wright, Liam and Steptoe, Andrew and Fancourt, Daisy},
	month = may,
	year = {2021},
	note = {Publisher: Elsevier BV},
	pages = {100061},
}

@article{nwakasi2022,
	title = {Factors influencing compliance with public health directives and support for government's actions against {COVID}-19: {A} {Nigerian} case study},
	volume = {15},
	url = {https://doi.org/10.1016/j.sciaf.2021.e01089},
	doi = {10.1016/j.sciaf.2021.e01089},
	journal = {Scientific African},
	author = {Nwakasi, Candidus and Esiaka, Darlingtina and Uchendu, Iheanyi and Bosun-Arije, Stella},
	month = mar,
	year = {2022},
	note = {Publisher: Elsevier BV},
	pages = {e01089},
}

@article{woelfert2020,
	title = {How {Political} and {Social} {Trust} {Can} {Impact} {Social} {Distancing} {Practices} {During} {COVID}-19 in {Unexpected} {Ways}},
	volume = {11},
	url = {https://doi.org/10.3389/fpsyg.2020.572966},
	doi = {10.3389/fpsyg.2020.572966},
	journal = {Frontiers in Psychology},
	author = {Woelfert, Frederike S. and Kunst, Jonas R.},
	month = dec,
	year = {2020},
	note = {Publisher: Frontiers Media SA},
}

@article{guglielmi2020,
	title = {Public acceptability of containment measures during the {COVID}-19 pandemic in {Italy}: how institutional confidence and specific political support matter},
	volume = {40},
	url = {https://doi.org/10.1108/ijssp-07-2020-0342},
	doi = {10.1108/ijssp-07-2020-0342},
	number = {9/10},
	journal = {International Journal of Sociology and Social Policy},
	author = {Guglielmi, Simona and Sani, Giulia M. Dotti and Molteni, Francesco and Biolcati, Ferruccio and Chiesi, Antonio M. and Ladini, Riccardo and Maraffi, Marco and Pedrazzani, Andrea and Vezzoni, Cristiano},
	month = oct,
	year = {2020},
	note = {Publisher: Emerald},
	pages = {1069--1085},
}

@article{travaglino2021,
	title = {Compliance and {Self}-{Reporting} {During} the {COVID}-19 {Pandemic}: {A} {Cross}-{Cultural} {Study} of {Trust} and {Self}-{Conscious} {Emotions} in the {United} {States}, {Italy}, and {South} {Korea}},
	volume = {12},
	url = {https://doi.org/10.3389/fpsyg.2021.565845},
	doi = {10.3389/fpsyg.2021.565845},
	journal = {Frontiers in Psychology},
	author = {Travaglino, Giovanni A. and Moon, Chanki},
	month = mar,
	year = {2021},
	note = {Publisher: Frontiers Media SA},
}

@article{wong2020,
	title = {The paradox of trust: perceived risk and public compliance during the {COVID}-19 pandemic in {Singapore}},
	volume = {23},
	url = {https://doi.org/10.1080/13669877.2020.1756386},
	doi = {10.1080/13669877.2020.1756386},
	number = {7-8},
	journal = {Journal of Risk Research},
	author = {Wong, Catherine Mei Ling and Jensen, Olivia},
	month = apr,
	year = {2020},
	note = {Publisher: Informa UK Limited},
	pages = {1021--1030},
}

@article{seyd2022,
	title = {Perceived risk crowds out trust? {Trust} and public compliance with coronavirus restrictions over the course of the pandemic},
	volume = {14},
	url = {https://doi.org/10.1017/s1755773922000078},
	doi = {10.1017/s1755773922000078},
	number = {2},
	journal = {European Political Science Review},
	author = {Seyd, Ben and Bu, Feifei},
	month = mar,
	year = {2022},
	note = {Publisher: Cambridge University Press (CUP)},
	pages = {155--170},
}

@article{roma2020,
	title = {How to {Improve} {Compliance} with {Protective} {Health} {Measures} during the {COVID}-19 {Outbreak}: {Testing} a {Moderated} {Mediation} {Model} and {Machine} {Learning} {Algorithms}},
	volume = {17},
	url = {https://doi.org/10.3390/ijerph17197252},
	doi = {10.3390/ijerph17197252},
	number = {19},
	journal = {International Journal of Environmental Research and Public Health},
	author = {Roma, Paolo and Monaro, Merylin and Muzi, Laura and Colasanti, Marco and Ricci, Eleonora and Biondi, Silvia and Napoli, Christian and Ferracuti, Stefano and Mazza, Cristina},
	month = oct,
	year = {2020},
	note = {Publisher: MDPI AG},
	pages = {7252},
}

@article{wu2019,
	title = {Misinformation in {Social} {Media}},
	volume = {21},
	url = {https://doi.org/10.1145/3373464.3373475},
	doi = {10.1145/3373464.3373475},
	number = {2},
	journal = {ACM SIGKDD Explorations Newsletter},
	author = {Wu, Liang and Morstatter, Fred and Carley, Kathleen M. and Liu, Huan},
	month = nov,
	year = {2019},
	note = {Publisher: Association for Computing Machinery (ACM)},
	pages = {80--90},
}

@article{gorbach2018,
	title = {Not {Your} {Grandpa}'s {Hoax}: {A} {Comparative} {History} of {Fake} {News}},
	volume = {35},
	url = {https://doi.org/10.1080/08821127.2018.1457915},
	doi = {10.1080/08821127.2018.1457915},
	number = {2},
	journal = {American Journalism},
	author = {Gorbach, Julien},
	month = apr,
	year = {2018},
	note = {Publisher: Informa UK Limited},
	pages = {236--249},
}

@article{walter2020,
	title = {Evaluating the {Impact} of {Attempts} to {Correct} {Health} {Misinformation} on {Social} {Media}: {A} {Meta}-{Analysis}},
	volume = {36},
	url = {https://doi.org/10.1080/10410236.2020.1794553},
	doi = {10.1080/10410236.2020.1794553},
	number = {13},
	journal = {Health Communication},
	author = {Walter, Nathan and Brooks, John J. and Saucier, Camille J. and Suresh, Sapna},
	month = aug,
	year = {2020},
	note = {Publisher: Informa UK Limited},
	pages = {1776--1784},
}

@article{moran2020,
	title = {Social {Media}: {A} {Pandemic} of {Misinformation}},
	volume = {133},
	url = {https://doi.org/10.1016/j.amjmed.2020.05.021},
	doi = {10.1016/j.amjmed.2020.05.021},
	number = {11},
	journal = {The American Journal of Medicine},
	author = {Moran, Patrick},
	month = nov,
	year = {2020},
	note = {Publisher: Elsevier BV},
	pages = {1247--1248},
}

@article{johnson2021,
	title = {Cancer {Misinformation} and {Harmful} {Information} on {Facebook} and {Other} {Social} {Media}: {A} {Brief} {Report}},
	volume = {114},
	url = {https://doi.org/10.1093/jnci/djab141},
	doi = {10.1093/jnci/djab141},
	number = {7},
	journal = {JNCI: Journal of the National Cancer Institute},
	author = {Johnson, Skyler B. and Parsons, Matthew and Dorff, Tanya and Moran, Meena S. and Ward, John H. and Cohen, Stacey A. and Akerley, Wallace and Bauman, Jessica and Hubbard, Joleen and Spratt, Daniel E. and Bylund, Carma L. and Swire-Thompson, Briony and Onega, Tracy and Scherer, Laura D. and Tward, Jonathan and Fagerlin, Angela},
	month = jul,
	year = {2021},
	note = {Publisher: Oxford University Press (OUP)},
	pages = {1036--1039},
}

@article{nascimento2022,
	title = {Infodemics and health misinformation: a systematic review of reviews},
	volume = {100},
	url = {https://doi.org/10.2471/blt.21.287654},
	doi = {10.2471/blt.21.287654},
	number = {9},
	journal = {Bulletin of the World Health Organization},
	author = {Nascimento, Israel JÃºnior Borges do and Pizarro, Ana Beatriz and Almeida, Jussara and Azzopardi-Muscat, Natasha and GonÃ§alves, Marcos AndrÃ© and BjÃ¶rklund, Maria and Novillo-Ortiz, David},
	month = sep,
	year = {2022},
	note = {Publisher: WHO Press},
	pages = {544--561},
}

@article{yeung2022,
	title = {Medical and {Health}-{Related} {Misinformation} on {Social} {Media}: {Bibliometric} {Study} of the {Scientific} {Literature}},
	volume = {24},
	url = {https://doi.org/10.2196/28152},
	doi = {10.2196/28152},
	number = {1},
	journal = {Journal of Medical Internet Research},
	author = {Yeung, Andy Wai Kan and Tosevska, Anela and Klager, Elisabeth and Eibensteiner, Fabian and Tsagkaris, Christos and Parvanov, Emil D. and Nawaz, Faisal A. and VÃ¶lkl-Kernstock, Sabine and Schaden, Eva and Kletecka-Pulker, Maria and Willschke, Harald and Atanasov, Atanas G.},
	month = jan,
	year = {2022},
	note = {Publisher: JMIR Publications Inc.},
	pages = {e28152},
}

@article{suarez-lledo2021,
	title = {Prevalence of {Health} {Misinformation} on {Social} {Media}: {Systematic} {Review}},
	volume = {23},
	url = {https://doi.org/10.2196/17187},
	doi = {10.2196/17187},
	number = {1},
	journal = {Journal of Medical Internet Research},
	author = {Suarez-Lledo, Victor and Alvarez-Galvez, Javier},
	month = jan,
	year = {2021},
	note = {Publisher: JMIR Publications Inc.},
	pages = {e17187},
}
