@article{Boo98,
  author          = {James G. Booth and James P. Hobert},
  journal         = {Journal of the American Statistical Association},
  number          = {441},
  title           = {Standard errors of prediction in generalized linear mixed models},
  volume          = {93},
  year            = {1998}
}